@inproceedings{akhawe2013alice,
  title={Alice in Warningland: A Large-Scale Field Study of Browser Security Warning Effectiveness.},
  author={Akhawe, Devdatta and Felt, Adrienne Porter},
  booktitle={Usenix Security},
  pages={257--272},
  year={2013}
}

@inproceedings{almuhimedi2014reputation,
  title={Your reputation precedes you: History, reputation, and the chrome malware warning},
  author={Almuhimedi, Hazim and Felt, Adrienne Porter and Reeder, Robert W and Consolvo, Sunny},
  booktitle={Symposium on Usable Privacy and Security (SOUPS)},
  volume={4},
  pages={2},
  year={2014}
}

@inproceedings{anderson2015polymorphic,
  title={How polymorphic warnings reduce habituation in the brain: Insights from an fMRI study},
  author={Anderson, Bonnie Brinton and Kirwan, C Brock and Jenkins, Jeffrey L and Eargle, David and Howard, Seth and Vance, Anthony},
  booktitle={Proceedings of the 33rd Annual ACM Conference on Human Factors in Computing Systems},
  pages={2883--2892},
  year={2015},
  organization={ACM}
}

@inproceedings{braun1994color,
  title={Differences in behavioral compliance as a function of warning color},
  author={Braun, Curt C and Greeno, Brian and Silver, N Clayton},
  booktitle={Proceedings of the Human Factors and Ergonomics Society Annual Meeting},
  volume={38},
  number={5},
  pages={379--383},
  year={1994},
  organization={Sage Publications Sage CA: Los Angeles, CA}
}

@article{bravo2011bridging,
  title={Bridging the gap in computer security warnings: A mental model approach},
  author={Bravo-Lillo, Cristian and Cranor, Lorrie Faith and Downs, Julie and Komanduri, Saranga},
  journal={IEEE Security \& Privacy},
  volume={9},
  number={2},
  pages={18--26},
  year={2011},
  publisher={IEEE}
}

@inproceedings{dhamija2006phishing,
  title={Why phishing works},
  author={Dhamija, Rachna and Tygar, J Doug and Hearst, Marti},
  booktitle={Proceedings of the SIGCHI conference on Human Factors in computing systems},
  pages={581--590},
  year={2006},
  organization={ACM}
}

@inproceedings{egelman2008warned,
  title={You've been warned: an empirical study of the effectiveness of web browser phishing warnings},
  author={Egelman, Serge and Cranor, Lorrie Faith and Hong, Jason},
  booktitle={Proceedings of the SIGCHI Conference on Human Factors in Computing Systems},
  pages={1065--1074},
  year={2008},
  organization={ACM}
}

@inproceedings{felt2015improving,
  title={Improving SSL warnings: Comprehension and adherence},
  author={Felt, Adrienne Porter and Ainslie, Alex and Reeder, Robert W and Consolvo, Sunny and Thyagaraja, Somas and Bettes, Alan and Harris, Helen and Grimes, Jeff},
  booktitle={Proceedings of the 33rd Annual ACM Conference on Human Factors in Computing Systems},
  pages={2893--2902},
  year={2015},
  organization={ACM}
}

@inproceedings{sunshine2009crying,
  title={Crying Wolf: An Empirical Study of SSL Warning Effectiveness.},
  author={Sunshine, Joshua and Egelman, Serge and Almuhimedi, Hazim and Atri, Neha and Cranor, Lorrie Faith},
  booktitle={USENIX security symposium},
  pages={399--416},
  year={2009}
}
